@Misc{simon,
	Author	= {Patrick E Simon},
	Title	= {Skin Wound Healing: Overview, Hemostasis, Inflammatory Phase},
	Note	= {https://emedicine.medscape.com/article/884594-overview},
	year	= {2018}
}

@article{zhao,
	title		={Inflammation in chronic wounds},
	author		={Zhao, Ruilong and Liang, Helena and Clarke, Elizabeth and Jackson, Christopher and Xue, Meilang},
	journal		={International journal of molecular sciences},
	volume		={17},
	number		={12},
	pages		={2085},
	year		={2016},
	publisher	={Multidisciplinary Digital Publishing Institute}
}

@article{GuptaRTWS,
	title		={Real time wound segmentation/management using image processing on handheld devices},
	author		={Abhiraj Gupta},
	journal		={Journal of Computational Methods in Sciences and Engineering},
	volume		={12},
	number		={2},
	pages		={321-329},
	year		={2017}
}

@article{landen,
	title		={Transition from inflammation to proliferation: a critical step during wound healing},
	author		={Land{\'e}n, Ning Xu and Li, Dongqing and St{\aa}hle, Mona},
	journal		={Cellular and Molecular Life Sciences},
	volume		={73},
	number		={20},
	pages		={3861--3885},
	year		={2016},
	publisher	={Springer}
}

@article{khattab,
	title		={Color image segmentation based on different color space models using automatic GrabCut},
	author		={Khattab, Dina and Ebied, Hala Mousher and Hussein, Ashraf Saad and Tolba, Mohamed Fahmy},
	journal		={The Scientific World Journal},
	volume		={2014},
	year		={2014},
	pages		={1-10},
	publisher	={Hindawi}
}

@article{ShmmalaCBI,
	title		={Color Based Image Segmentation using Different Versions of K-Means in two Spaces},
	author		={Faten Abu Shmmala, Wesam Ashour},
	journal		={Global Advanced Research Journal of Engineering, Technology and Innovation},
	volume		={1},
	number		={9},
	pages		={30-41},
	year		={2013},
	publisher	={Global Advanced Research Journals}
}

@article{YadavSeg,
	title		={Segmentation of chronic wound areas by clustering techniques using selected color space},
	author		={Manoj Kumar Yadav, Dhiraj Dhane, gargi Mukharjee},
	journal		={Journal of Mendical Imaging and Health Informatics},
	volume		={3},
	number		={1},
	pages		={22-29},
	year		={2013},
	publisher	={American Scientiﬁc Publishers}
}

@article{ZhengX,
	title		={Color recognition of clothes based on k-means and mean shift},
	author		={Xingming Zheng, Ningzhong Liu},
	journal		={2012 IEEE International Conference on Intelligent Control, Automatic Detection and High-End Equipment (ICADE)},
	pages		={22-29},
	year		={2012},
	publisher	={Institute of Electrical and Electronics Engineers}
}

@article{Gustientiedina,
	title		={Penerapan algoritma k-means untuk clustering data obat-obatan pada rsud pekanbaru},
	author		={Gustientiedina Gustientiedina, M. Hasmil Adiya, Yenny Desnelita},
	journal		={Jurnal Nasional Teknologi dan Sistem Informasi},
	volume		={5},
	number		={1},
	pages		={17-24},
	year		={2019},
	publisher	={Creative Commons Attribution-ShareAlike 4.0 International License.s}
}

@article{ChengY,
	title		={Mean shift, mode seeking, and clustering},
	author		={Yizong Cheng},
	journal		={IEEE Transactions on Pattern Analysis and Machine Intelligence},
	volume		={17},
	number		={8},
	pages		={790-799},
	year		={1995},
	publisher	={Institute of Electrical and Electronics Engineers}
}

@article{kass,
	title		={Snakes: Active contour models},
	author		={Kass, Michael and Witkin, Andrew and Terzopoulos, Demetri},
	journal		={International journal of computer vision},
	volume		={1},
	number		={4},
	pages		={321--331},
	year		={1988},
	publisher	={Springer}
}

@misc{Aprilia,
	author       = {Aprilia},
	title        = {PENGARUH PENGGUNAAN COLOR MODEL LAB DALAM KALIBRASI WARNA LUKA MENGGUNAKAN METODE SEGMENTASI K-MEANS DAN MEAN SHIFT},
	year         = {2021}
}

@misc{MRizki,
	author       = {Muhamad Rizki},
	title        = {DETEKSI KELILING LUKA KRONIS MENGGUNAKAN ACTIVE CONTOUR (SNAKE) DAN ACTIVE CONTOUR YANG DITAMBAHKAN INTERPOLASI},
	year         = {2022}
}

@misc{Hafizhun,
	author       = {Hafizhun Alim},
	title        = {FISH MOVEMENT TRACKING MENGGUNAKAN METODE GAUSSIAN MIXTURE MODELS (GMM) DAN KALMAN FILTER},
	year         = {2023}
}

@article{William,
	author         = {William Fleetwood Sheppard},
	journal		   = {Encyclopædia Britannica},
	title          = {Interpolation},
	volume         = {14},
	number         = {11th ed},
	pages          = {706-710},
	year           = {1911},
	publisher      = {Cambridge University Press}
}

@article{Suzuki,
	title		={Topological structural analysis of digitized binary images by border following},
	author		={Satoshi Suzuki, Keiichi Abe},
	journal		={Computer Vision, Graphics, and Image Processing},
	volume		={30},
	number		={1},
	pages		={32-46},
	year		={1985},
	publisher	={Academic Press. Inc.}
}

@mastersthesis{Hong,
	author  = {Qianying Hong},
	school  = {University of Georgia},
	title   = {Bivariate splines for image enhancements based on variational models},
	year    = {2011}
}

@article{Thaibaud,
	author         = {Thibaud Briand, Pascal Monasse},
	journal		   = {Image Processing On Line},
	title          = {Theory and Practice of Image B-Spline Interpolation},
	volume         = {8},
	pages          = {99-141},
	year           = {2018},
	publisher      = {hal-01846912f}
}

@article{TBrox,
	title		={Nonlinear structure tensors},
	author		={Thomas Brox , Joachim Weickert, Bernhard Burgeth, Pavel Mrázek},
	journal		={Image and Vision Computing},
	volume		={24},
	number		={1},
	pages		={41-45},
	year		={2006},
  	url         = "http://lmb.informatik.uni-freiburg.de/Publications/2006/Bro06c"
}

@article{briand,
  TITLE = {{Theory and Practice of Image B-Spline Interpolation}},
  AUTHOR = {Briand, Thibaud and Monasse, Pascal},
  URL = {https://enpc.hal.science/hal-01846912},
  JOURNAL = {{Image Processing On Line}},
  PUBLISHER = {{IPOL - Image Processing on Line}},
  VOLUME = {8},
  PAGES = {99-141},
  YEAR = {2018},
  DOI = {10.5201/ipol.2018.221},
  KEYWORDS = {interpolation ; splines ; linear filtering ; boundary handling},
  PDF = {https://enpc.hal.science/hal-01846912/file/article.pdf},
  HAL_ID = {hal-01846912},
  HAL_VERSION = {v1},
}

@article{Parsania,
author = {Parsania, Pankaj and Virparia, Paresh},
year = {2016},
month = {01},
pages = {29-34},
title = {A Comparative Analysis of Image Interpolation Algorithms},
volume = {5},
journal = {IJARCCE},
doi = {10.17148/IJARCCE.2016.5107}
}

@article{BOHM19841,
title = {A survey of curve and surface methods in CAGD},
journal = {Computer Aided Geometric Design},
volume = {1},
number = {1},
pages = {1-60},
year = {1984},
issn = {0167-8396},
doi = {https://doi.org/10.1016/0167-8396(84)90003-7},
url = {https://www.sciencedirect.com/science/article/pii/0167839684900037},
author = {Wolfgang Böhm and Gerald Farin and Jürgen Kahmann},
keywords = {Surveys, interpolation, approximation, curves, surfaces, computational geometry, computer aided design}
}

@book{DeBoor,
author = {de Boor, Carl},
year = {1978},
month = {01},
pages = {},
title = {A Practical Guide to Spline},
volume = {Volume 27},
journal = {Applied Mathematical Sciences, New York: Springer, 1978},
doi = {10.2307/2006241}
}

@Book{PiegTill96,
  Title                    = {The NURBS Book},
  Author                   = {Les Piegl and Wayne Tiller},
  Publisher                = {Springer-Verlag},
  Year                     = {1996},
  Address                  = {New York, NY, USA},
  Edition                  = {second}
}

@article{Aryani:2018,
author = {Aryani, Ratna and Yusro, Muhammad and Suryana, M Eka and Firmansyah, Imam},
year = {2018},
file = {:D\:/Documents/file apis/kebutuhan kuliah/mata kuliah/smester 7/SKRIPSI/paper/(Ratna,2018)_BUKU PANDUAN  RANCANG BANGUN APLIKASI MOBILE ANDROID.pdf:pdf},
title = {{Buku Panduan: Rancang Bangun Aplikasi Mobile Android Sebagai Alat Deteksi Warna Dasar Luka Dalam Membantu Proses Pengkajian Luka Kronis dengan Nekrosis}}
}

@book{lockyer2006controlling,
  title={Controlling the Interpolation of NURBS Curves and Surfaces},
  author={Lockyer, P.S.},
  url={https://books.google.co.id/books?id=Ewh30AEACAAJ},
  year={2006},
  publisher={University of Birmingham}
}
